@manual{RFC1945,
      title  = "HTTP/1.0 RFC1945",
      author = "T. Berners-Lee",
      url    = {https://tools.ietf.org/html/rfc1945},
      year   = "May 1996 (accessed April 27, 2020)"
}

@manual{RFC2616,
      title  = "HTTP/1.1 RFC2616",
      author = "R. Fielding",
      url    = "https://tools.ietf.org/html/rfc2616",
      year   = "June 1999 (accessed April 27, 2020)"
}

@manual{RFC3986,
      title  = "URI RFC3986",
      author = "T. Berners-Lee",
      url    = "https://tools.ietf.org/html/rfc3986",
      year   = "January 2005 (accessed April 27, 2020)"
}

@manual{URIschemes,
      title  = "Schemes for URI",
      author = "Graham Klyne",
      url    = "https://www.iana.org/assignments/uri-schemes/uri-schemes.xhtml",
      year   = "April 13, 2020 (accessed April 27, 2020)"
}
